<?xml version="1.0" encoding="UTF-8"?><collection xmlns="http://www.loc.gov/MARC21/slim"><record><leader>00371nam--2200133-i-4500</leader><controlfield tag="001">000023970</controlfield><controlfield tag="002">20161230</controlfield><controlfield tag="005">20161230201035</controlfield><controlfield tag="008">060222s1000------------r-----000-0-eng-d</controlfield><datafield ind1=" " ind2=" " tag="080"><subfield code="a">530.145:541.2(061.3)</subfield></datafield><datafield ind1=" " ind2=" " tag="245"><subfield code="a">Horizons of  quantum chemistry</subfield></datafield><datafield ind1=" " ind2=" " tag="260"><subfield code="a">Dordrecht, D.Reidel Publ.Co., 1979. Xviiii + 292p</subfield></datafield><datafield ind1=" " ind2=" " tag="700"><subfield code="a">Kenichi Fukui And Bernard Pullman</subfield></datafield><datafield ind1=" " ind2=" " tag="852"><subfield code="a">49044</subfield></datafield></record></collection>